<record><leader>00000cas a22000007a 4500</leader><controlfield tag="001">13137046</controlfield><controlfield tag="008">860211c19819999txuwr ne      0    0eng d</controlfield><datafield ind1=" " ind2=" " tag="010"><subfield code="a">sn 86089754 </subfield></datafield><datafield ind1=" " ind2=" " tag="040"><subfield code="a">TXA</subfield><subfield code="b">eng</subfield><subfield code="c">TXA</subfield><subfield code="d">PPM</subfield><subfield code="d">OCLCQ</subfield></datafield><datafield ind1=" " ind2=" " tag="037"><subfield code="b">Country World, PO Box 596, Sulphur Springs, Texas</subfield></datafield><datafield ind1=" " ind2=" " tag="042"><subfield code="a">msc</subfield></datafield><datafield ind1="0" ind2=" " tag="130"><subfield code="a">Country world (Sulphur Springs, Tex.: 1981)</subfield></datafield><datafield ind1="1" ind2="0" tag="245"><subfield code="a">Country world.</subfield></datafield><datafield ind1=" " ind2=" " tag="260"><subfield code="a">Sulphur Springs, Tex. :</subfield><subfield code="b">Kelly J. Boldan,</subfield><subfield code="c">1981-</subfield></datafield><datafield ind1=" " ind2=" " tag="300"><subfield code="a">v. :</subfield><subfield code="b">ill. ;</subfield><subfield code="c">58 cm.</subfield></datafield><datafield ind1=" " ind2=" " tag="310"><subfield code="a">Weekly</subfield></datafield><datafield ind1="0" ind2=" " tag="362"><subfield code="a">Vol. 1, no. 0 (Nov. 14, 1981)-</subfield></datafield><datafield ind1=" " ind2=" " tag="752"><subfield code="a">United States</subfield><subfield code="b">Texas</subfield><subfield code="c">Hopkins</subfield><subfield code="d">Sulphur Springs.</subfield></datafield></record>